<record><leader>00000cas a2200000 a 4500</leader><controlfield tag="001">50984983</controlfield><controlfield tag="008">021111c20029999cauuu ne      0    0peroc</controlfield><datafield ind1=" " ind2=" " tag="010"><subfield code="a">  2002222930</subfield></datafield><datafield ind1=" " ind2=" " tag="040"><subfield code="a">CLU</subfield><subfield code="b">eng</subfield><subfield code="c">CLU</subfield><subfield code="d">CLU</subfield><subfield code="d">OCLCQ</subfield><subfield code="d">OCLCF</subfield><subfield code="d">OCLCO</subfield></datafield><datafield ind1="1" ind2=" " tag="029"><subfield code="a">AU@</subfield><subfield code="b">000024201702</subfield></datafield><datafield ind1=" " ind2=" " tag="042"><subfield code="a">pcc</subfield></datafield><datafield ind1=" " ind2=" " tag="043"><subfield code="a">n-us-ca</subfield></datafield><datafield ind1="0" ind2="0" tag="245"><subfield code="a">Bihtari&#772;nha&#772; =</subfield><subfield code="b">Behterinha.</subfield></datafield><datafield ind1="3" ind2="1" tag="246"><subfield code="a">Behterinha</subfield></datafield><datafield ind1="3" ind2="0" tag="246"><subfield code="a">Behtarinha</subfield></datafield><datafield ind1=" " ind2=" " tag="260"><subfield code="a">Reseda, CA :</subfield><subfield code="b">Behtarinha,</subfield><subfield code="c">[2002]-</subfield></datafield><datafield ind1=" " ind2=" " tag="300"><subfield code="a">v. :</subfield><subfield code="b">ill. ;</subfield><subfield code="c">44 cm.</subfield></datafield><datafield ind1="0" ind2=" " tag="362"><subfield code="a">Pi&#772;sh shuma&#772;rah-i 1 (Zha&#772;nviyih 2002)-</subfield></datafield><datafield ind1=" " ind2=" " tag="525"><subfield code="a">Some issues accompanied by supplements.</subfield></datafield><datafield ind1=" " ind2=" " tag="588"><subfield code="a">Latest issue consulted: Pi&#772;sh shuma&#772;rah-i 2 (Zha&#772;nviyih 2002).</subfield></datafield><datafield ind1=" " ind2="0" tag="651"><subfield code="a">Los Angeles (Calif.)</subfield><subfield code="v">Newspapers.</subfield></datafield><datafield ind1=" " ind2="7" tag="655"><subfield code="a">Newspapers.</subfield><subfield code="2">fast</subfield><subfield code="0">(OCoLC)fst01423814</subfield></datafield><datafield ind1=" " ind2="7" tag="651"><subfield code="a">California</subfield><subfield code="z">Los Angeles.</subfield><subfield code="2">fast</subfield><subfield code="0">(OCoLC)fst01204540</subfield></datafield><datafield ind1=" " ind2=" " tag="752"><subfield code="a">United States</subfield><subfield code="b">California</subfield><subfield code="c">Los Angeles County</subfield><subfield code="d">Los Angeles.</subfield></datafield></record>